
 @misc{rad_2016, 
 title={The {Witness} {Review}}, 
 url={https://www.ign.com/articles/2016/01/25/the-witness-review}, 
 journal={IGN}, 
 publisher={IGN}, 
 author={Rad, Chloi}, 
 year={2016}, 
 month={Jan}}
 
@misc{hafer_2018, 
  title={The {Forest} {Review}}, 
  url={https://www.ign.com/articles/2018/05/10/the-forest-review-2}, 
  journal={IGN}, 
  publisher={IGN}, 
  author={Hafer, Leana}, 
  year={2018}, 
  month={May}} 

 @misc{horti_2018, 
 title={The {Forest} {VR}}, 
 url={https://www.pcgamer.com/the-forest-vr-is-terrifying-atmospheric-and-clumsy-all-at-once/}, 
 journal={pcgamer}, 
 publisher={PC Gamer}, 
 author={Horti, Samuel}, 
 year={2018}, 
 month={Dec}} 

  @misc{cheng_2014, 
  title={Measuring virtual experience in a three-dimensional virtual reality interactive simulator environment: A structural equation modeling approach}, 
  url={https://link.springer.com/article/10.1007/s10055-014-0244-2}, 
  journal={SpringerLink}, publisher={Springer London}, author={Cheng, Li-Keng and Chieng, Ming-Hua and Chieng, Wei-Hua}, 
  year={2014}, 
  month={Jan}} 
